@manual{intel2017man,
  author       = {{Intel Corporation}},
  title        = {Intel 64 and IA-32 Architectures Software Developer’s Manual},
  year         = {2016},
  month        = apr,
  organization = {Intel Corporation},
  note         = {\url{http://www.intel.com/content/www/us/en/processors/architectures-software-developer-manuals.html},
                  visited 2017-08-19}
}
@manual{salsa20security,
  author       = {{Daniel J. Bernstein}},
  title        = {Salsa20 security},
  year         = {2005},
  month        = apr,
  organization = {The University of Illinois at Chicago},
  note         = {\url{https://cr.yp.to/snuffle/security.pdf},
                  visited 2022-07-13}
}
@manual{onTheSalsa20Core,
  author       = {{Julio Cesar Hernandez-Castro, Juan M. E. Tapiador, and Jean-Jacques Quisquater}},
  title        = {On the Salsa20 Core Function},
  year         = {2008},
  organization = {Universite Louvain-la-Neuve,  Carlos III University},
  note         = {\url{https://www.iacr.org/archive/fse2008/50860470/50860470.pdf},
                  visited 2022-07-13}
}
@manual{ResponseOnTheSalsa20Core,
  author       = {{Daniel J. Bernstein}},
  title        = {Response to “On the Salsa20 core function”},
  year         = {2008},
  organization = {The University of Illinois at Chicago},
  note         = {\url{https://www.ecrypt.eu.org/stream/papersdir/2008/011.pdf},
                  visited 2022-07-13}
}

@manual{salsa20specification,
  author       = {{Daniel J. Bernstein}},
  title        = {Salsa20 specification},
  year         = {2005},
  organization = {The University of Illinois at Chicago},
  note         = {\url{https://cr.yp.to/snuffle/spec.pdf},
                  visited 2022-07-20}
}

@manual{salsa20,
  author       = {{Daniel J. Bernstein}},
  title        = {The Salsa20 core},
  organization = {The University of Illinois at Chicago},
  note         = {\url{http://cr.yp.to/salsa20.html},
                  visited 2022-07-20}
}


